@article{tscm16,
	title={{AppScanner}: Automatic Fingerprinting of Smartphone Apps From
		Encrypted Network Traffic},
	author={Vincent F. Taylor and Riccardo Spolaor and Mauro Conti and Ivan
		Martinovic},
	year={2016},
	publisher={University of Oxford, University of Padua},
	journal={IEEE European Symposium on Security and Privacy}
}

